@misc{HomeAssistant,
  title = {{Home Assistant Docs}},
  howpublished = {\url{https://home-assistant.io/}},
  note = {Accedido: 2017-08-20}
}
@misc{GoogleHome,
  title = {{Google Home Docs}},
  howpublished = {\url{https://support.google.com/googlehome/?hl=en\#topic=7029677}},
  note = {Accedido: 2017-08-20}
}
@misc{Mycroft,
  title = {{Mycroft Website}},
  howpublished = {\url{https://mycroft.ai/}},
  note = {Accedido: 2017-08-20}
}
@misc{Atom,
  title = {{Atom Website}},
  howpublished = {\url{https://atom.io/}},
  note = {Accedido: 2017-08-20}
}
@misc{espressif-platformio,
  title = {{Atom Website}},
  howpublished = {\url{http://docs.platformio.org/en/latest/platforms/espressif8266.html}},
  note = {Accedido: 2017-08-20}
}
@misc{PlatformIODocs,
  title = {{What is PlatformIO}},
  howpublished = {\url{http://docs.platformio.org/en/latest/what-is-platformio.html}},
  note = {Accedido: 2017-08-20}
}
@misc{WiFiSecurity,
  title = {{WiFi Attacks}},
  howpublished = {\url{https://security.stackexchange.com/questions/6946/is-it-possible-to-get-all-the-data-i-send-through-wifi/6947\#6947}},
  note = {Accedido: 2017-11-20}
}
@article{SecurityInTheIoT,
author = {Lavinia NÄƒstase},
title = {{Security in the Internet of Things: A Survey on Application Layer Protocols}},
year = {2017}
}
@misc{HTTP_CoAP_img,
  title = {{HTTP CoAP Layers}},
  howpublished = {\url{https://www.cse.wustl.edu/~jain/cse574-14/ftp/coap/index.html}},
  note = {Accedido: 2017-12-01}
}
@misc{MQTT_img,
  title = {{MQTT Diagram}},
  howpublished = {\url{https://2016.angularattack.com/entries/506-armyofone}},
  note = {Accedido: 2017-12-01}
}
@misc{MQTTEssentials4,
  title = {{MQTT Essentials part 4}},
  howpublished = {\url{
https://www.hivemq.com/blog/mqtt-essentials-part-4-mqtt-publish-subscribe-unsubscribe}},
  note = {Accedido: 2017-12-01}
}
@misc{MQTTEssentials5,
  title = {{MQTT Essentials part 5}},
  howpublished = {\url{https://www.hivemq.com/blog/mqtt-essentials-part-5-mqtt-topics-best-practices}},
  note = {Accedido: 2017-12-01}
}
@misc{USBSerialAdapter,
  title = {{USB to Serial Adapter}},
  howpublished = {\url{http://product.hstatic.net/1000157790/product/nes00015_converter_usb_to_serial_ttl_master.jpg}},
  note = {Accedido: 2017-12-01}
}
@misc{USBSerialCable,
  title = {{USB to Serial Cable}},
  howpublished = {\url{http://www.robotshop.com/media/catalog/product/cache/1/image/900x900/9df78eab33525d08d6e5fb8d27136e95/f/t/ftdi-usb-to-ttl-serial-cable-3-3v_1.jpg}},
  note = {Accedido: 2017-12-01}
}@misc{RPi3,
  title = {{Raspberry Pi 3}},
  howpublished = {\url{https://www.raspberrypi.org/products/raspberry-pi-3-model-b/}},
  note = {Accedido: 2017-12-01}
}@misc{RPi2,
  title = {{Raspberry Pi 2}},
  howpublished = {\url{https://www.raspberrypi.org/products/raspberry-pi-2-model-b/}},
  note = {Accedido: 2017-12-01}
}@misc{Banana3,
  title = {{Banana Pi M3}},
  howpublished = {\url{http://www.banana-pi.org/m3.html}},
  note = {Accedido: 2017-12-01}
}
@misc{BeagleB,
  title = {{BeagleBone Black}},
  howpublished = {\url{https://beagleboard.org/black}},
  note = {Accedido: 2017-12-01}
}
@misc{FlaskDocs,
  title = {{Flask Docs}},
  howpublished = {\url{http://flask.pocoo.org/}},
  note = {Accedido: 2017-12-01}
}
@misc{MongoDBDocs,
  title = {{MongoDB Docs}},
  howpublished = {\url{https://docs.mongodb.com/manual/mongo/}},
  note = {Accedido: 2017-12-01}
}
@misc{MycrofSkills,
  title = {{Mycroft Community Skill Repository}},
  howpublished = {\url{https://github.com/MycroftAI/mycroft-skills/blob/master/README.md\#community-contributed-skill-list}},
  note = {Accedido: 2017-12-01}
}
@misc{AccessPoint,
  title = {{RPi Access Point Configuration}},
  howpublished = {\url{https://cdn-learn.adafruit.com/downloads/pdf/setting-up-a-raspberry-pi-as-a-wifi-access-point.pdf}},
  note = {Accedido: 2017-12-01}
}
@misc{flask-mqtt,
  title = {{flask-mqtt Docs}},
  howpublished = {\url{http://flask-mqtt.readthedocs.io/en/latest/}},
  note = {Accedido: 2017-12-01}
}
@misc{paho-mqtt,
  title = {{paho-mqtt Docs}},
  howpublished = {\url{https://pypi.python.org/pypi/paho-mqtt/1.1}},
  note = {Accedido: 2017-12-01}
}
@misc{flask-pymongo,
  title = {{flask-pymongo Docs}},
  howpublished = {\url{https://flask-pymongo.readthedocs.io/en/latest/}},
  note = {Accedido: 2017-12-01}
}
@misc{PyMongo,
  title = {{PyMongo Docs}},
  howpublished = {\url{http://api.mongodb.com/python/current/}},
  note = {Accedido: 2017-12-01}
}
@misc{reactjs,
  title = {{ReactJS Website}},
  howpublished = {\url{https://reactjs.org/}},
  note = {Accedido: 2017-12-01}
}
@misc{reactnative,
  title = {{React Native Website}},
  howpublished = {\url{https://facebook.github.io/react-native/}},
  note = {Accedido: 2017-12-01}
}
@misc{js,
  title = {{JavaScript Website}},
  howpublished = {\url{https://www.javascript.com/}},
  note = {Accedido: 2017-12-01}
}
@misc{c-r-a,
  title = {{create-react-app Repository}},
  howpublished = {\url{https://github.com/facebookincubator/create-react-app}},
  note = {Accedido: 2017-12-01}
}
@misc{reactstrap,
  title = {{reactstrap Website}},
  howpublished = {\url{https://reactstrap.github.io/}},
  note = {Accedido: 2017-12-01}
}
@misc{phillips-lighting,
  title = {{Phillips Lighting Website}},
  howpublished = {\url{http://www.lighting.philips.com/main/systems/system-areas}},
  note = {Accedido: 2017-12-01}
}
@misc{ikea-lighting,
  title = {{IKEA Lighting Website}},
  howpublished = {\url{http://www.ikea.com/us/en/catalog/categories/departments/lighting/36812/}},
  note = {Accedido: 2017-12-01}
}
@misc{alexa,
  title = {{Alexa Docs}},
  howpublished = {\url{http://www.ikea.com/us/en/catalog/categories/departments/lighting/36812/}},
  note = {Accedido: 2017-12-01}
}
@misc{esp8266,
  title = {{ESP8266 Community Forum}},
  howpublished = {\url{http://www.esp8266.com/}},
  note = {Accedido: 2017-12-01}
}
@misc{esp8266mqttmeshissue,
  title = {{ESP8266MQTTMesh issue}},
  howpublished = {\url{https://github.com/PhracturedBlue/ESP8266MQTTMesh/issues/22}},
  note = {Accedido: 2017-12-01}
}
@misc{Auth0,
  title = {{Auth0 Website}},
  howpublished = {\url{https://auth0.com/}},
  note = {Accedido: 2018-03-01}
}
@misc{Phonegap,
  title = {{Phonegap Website}},
  howpublished = {\url{https://phonegap.com/}},
  note = {Accedido: 2018-03-01}
}
@misc{AndroidStudio,
  title = {{Android Studio Website}},
  howpublished = {\url{https://developer.android.com/studio/index.html}},
  note = {Accedido: 2018-03-01}
}
@misc{Balsamiq,
  title = {{Balsamiq Website}},
  howpublished = {\url{https://balsamiq.cloud/}},
  note = {Accedido: 2018-03-01}
}
@misc{Enabled,
  title = {{Enabled Website}},
  howpublished = {\url{https://www.enableds.com/}},
  note = {Accedido: 2018-03-01}
}
@misc{Topic1,
  title = {{Mycroft Topic 1}},
  howpublished = {\url{https://community.mycroft.ai/t/cant-open-cli-in-picroft-0-9/2886/}},
  note = {Accedido: 2018-03-01}
}
@misc{Topic2,
  title = {{Mycroft Topic 2}},
  howpublished = {\url{https://community.mycroft.ai/t/with-picroft-0-8b-picroft-is-crashing-at-start/2887/2/}},
  note = {Accedido: 2018-03-01}
}
@misc{GuiaMycroft,
  title = {{GuiaMycroft}},
  howpublished = {\url{https://mycroft.ai/documentation/skills/introduction-developing-skills/}},
  note = {Accedido: 2018-03-01}
}
@misc{MQTTMeshIssue,
  title = {{MQTTMeshIssue}},
  howpublished = {\url{https://github.com/PhracturedBlue/ESP8266MQTTMesh/issues/18/}},
  note = {Accedido: 2018-03-04}
}